<record><leader>00000cas a2200000 a 4500</leader><controlfield tag="001">11048387</controlfield><controlfield tag="008">840813c19269999nyuwr ne      0    0eng c</controlfield><datafield ind1=" " ind2=" " tag="010"><subfield code="a">sn 84031443 </subfield></datafield><datafield ind1=" " ind2=" " tag="040"><subfield code="a">NYG</subfield><subfield code="b">eng</subfield><subfield code="c">NYG</subfield><subfield code="d">NPX</subfield><subfield code="d">NYS</subfield><subfield code="d">DLC</subfield><subfield code="d">OCL</subfield><subfield code="d">NYS</subfield><subfield code="d">OCLCQ</subfield><subfield code="d">NYS</subfield><subfield code="d">OCLCQ</subfield><subfield code="d">OCLCF</subfield><subfield code="d">OCLCO</subfield></datafield><datafield ind1=" " ind2=" " tag="019"><subfield code="a">11315076</subfield></datafield><datafield ind1="1" ind2=" " tag="029"><subfield code="a">AU@</subfield><subfield code="b">000021576740</subfield></datafield><datafield ind1=" " ind2=" " tag="042"><subfield code="a">pcc</subfield></datafield><datafield ind1=" " ind2=" " tag="043"><subfield code="a">n-us-ny</subfield></datafield><datafield ind1="0" ind2=" " tag="130"><subfield code="a">Chronicle-express (Penn Yan, N.Y.)</subfield></datafield><datafield ind1="1" ind2="0" tag="245"><subfield code="a">Chronicle-express.</subfield></datafield><datafield ind1=" " ind2=" " tag="260"><subfield code="a">Penn Yan, N.Y. :</subfield><subfield code="b">Penn Yan Print. Co.</subfield></datafield><datafield ind1=" " ind2=" " tag="300"><subfield code="a">v. :</subfield><subfield code="b">ill.</subfield></datafield><datafield ind1=" " ind2=" " tag="310"><subfield code="a">Weekly</subfield></datafield><datafield ind1="0" ind2=" " tag="362"><subfield code="a">Vol. 103, no. 2 (Jan. 13, 1926)- = whole no. 5306-</subfield></datafield><datafield ind1=" " ind2=" " tag="500"><subfield code="a">Special "Summer Issue" published annually, &lt;1963&gt;-</subfield></datafield><datafield ind1=" " ind2=" " tag="500"><subfield code="a">Publishers: Penn Yan Print. Co., Inc., 1926; Sidney E. Ayers, &lt;1926&gt;; James R. Carberry, &lt;1961&gt;-1968; Donald E. Good, &lt;1969&gt;; Mrs. Birdie Tuttle, 1972- ; George M. Barnes, &lt;1990&gt;</subfield></datafield><datafield ind1=" " ind2=" " tag="515"><subfield code="a">Summer issues have annual numbering, &lt;6th Annual (1965:7:1)-20th Annual (1982)&gt;</subfield></datafield><datafield ind1=" " ind2=" " tag="580"><subfield code="a">Formed by the union of: Penn Yan express, and: Yates County chronicle, and: Rushville chronicle and Gorham new age. Cf. Faibisoff, S.G. bibliography of newspapers in 14 N.Y. counties (1978 ed.).</subfield></datafield><datafield ind1=" " ind2="0" tag="651"><subfield code="a">Penn Yan (N.Y.)</subfield><subfield code="v">Newspapers.</subfield></datafield><datafield ind1=" " ind2="0" tag="651"><subfield code="a">Yates County (N.Y.)</subfield><subfield code="v">Newspapers.</subfield></datafield><datafield ind1=" " ind2="7" tag="655"><subfield code="a">Newspapers.</subfield><subfield code="2">fast</subfield><subfield code="0">(OCoLC)fst01423814</subfield></datafield><datafield ind1=" " ind2="7" tag="651"><subfield code="a">New York (State)</subfield><subfield code="z">Penn Yan.</subfield><subfield code="2">fast</subfield><subfield code="0">(OCoLC)fst01220518</subfield></datafield><datafield ind1=" " ind2="7" tag="651"><subfield code="a">New York (State)</subfield><subfield code="z">Yates County.</subfield><subfield code="2">fast</subfield><subfield code="0">(OCoLC)fst01209739</subfield></datafield><datafield ind1=" " ind2=" " tag="752"><subfield code="a">United States</subfield><subfield code="b">New York</subfield><subfield code="c">Yates</subfield><subfield code="d">Penn Yan.</subfield></datafield><datafield ind1="1" ind2="4" tag="780"><subfield code="t">Penn Yan express</subfield><subfield code="w">(DLC)sn 83031516</subfield><subfield code="w">(OCoLC)9940326</subfield></datafield><datafield ind1="1" ind2="4" tag="780"><subfield code="t">Yates County chronicle</subfield><subfield code="w">(DLC)sn 83031518</subfield><subfield code="w">(OCoLC)9940099</subfield></datafield><datafield ind1="1" ind2="4" tag="780"><subfield code="t">Rushville chronicle and Gorham new age</subfield><subfield code="w">(DLC)sn 84031426</subfield><subfield code="w">(OCoLC)10930086</subfield></datafield></record>